@misc{db-engine,
howpublished = "Online",
month = "February",
title = "DB-Engines Ranking",
year = "2016",
url = "http://db-engines.com/en/ranking",
key = "db-engine"
}

@misc{racket-org,
howpublished = "Online",
month = "March",
title = "The Racket Language",
year = "2016",
url = "http://www.racket-lang.org/",
key = "racket-org"
}